<collection xmlns="http://www.loc.gov/MARC21/slim">
   <record>
      <leader>02168cam a2200445 i 4500</leader>
      <controlfield tag="001">6811259</controlfield>
      <controlfield tag="003">OCoLC</controlfield>
      <controlfield tag="005">20150104070648.7</controlfield>
      <controlfield tag="008">140825s2015    nyu           000 1 eng  </controlfield>
      <datafield ind1=" " ind2=" " tag="010">
         <subfield code="a">  2014029962</subfield>
      </datafield>
      <datafield ind1=" " ind2=" " tag="020">
         <subfield code="a">9780345539939 (hardcover : acid-free paper)</subfield>
      </datafield>
      <datafield ind1=" " ind2=" " tag="020">
         <subfield code="a">0345539931 (hardcover : acid-free paper)</subfield>
      </datafield>
      <datafield ind1=" " ind2=" " tag="020">
         <subfield code="z">9780345539953 (ebook)</subfield>
      </datafield>
      <datafield ind1=" " ind2=" " tag="035">
         <subfield code="a">ocn889324016</subfield>
      </datafield>
      <datafield ind1=" " ind2=" " tag="039">
         <subfield code="a">exclude</subfield>
      </datafield>
      <datafield ind1=" " ind2=" " tag="040">
         <subfield code="a">DLC</subfield>
         <subfield code="e">rda</subfield>
         <subfield code="b">eng</subfield>
         <subfield code="c">DLC</subfield>
         <subfield code="d">IG#</subfield>
         <subfield code="d">JOY</subfield>
         <subfield code="d">YDXCP</subfield>
         <subfield code="d">AEU</subfield>
      </datafield>
      <datafield ind1=" " ind2=" " tag="043">
         <subfield code="a">n-cn---</subfield>
      </datafield>
      <datafield ind1="0" ind2="0" tag="050">
         <subfield code="a">PR9199.4.B7324</subfield>
         <subfield code="b">A9 2015</subfield>
      </datafield>
      <datafield ind1="0" ind2="0" tag="082">
         <subfield code="a">813/.6</subfield>
         <subfield code="2">23</subfield>
      </datafield>
      <datafield ind1=" " ind2=" " tag="084">
         <subfield code="a">FIC022000</subfield>
         <subfield code="a">FIC031000</subfield>
         <subfield code="a">FIC014000</subfield>
         <subfield code="2">bisacsh</subfield>
      </datafield>
      <datafield ind1=" " ind2=" " tag="090">
         <subfield code="a">PS 8603 R3315 C54 2015</subfield>
         <subfield code="b">AEKC</subfield>
      </datafield>
      <datafield ind1="1" ind2=" " tag="100">
         <subfield code="a">Bradley, C. Alan,</subfield>
         <subfield code="d">1938-</subfield>
         <subfield code="e">author.</subfield>
         <subfield code="0">http://id.loc.gov/authorities/names/n2005019577</subfield>
         <subfield code="0">http://viaf.org/viaf/76623557</subfield>
      </datafield>
      <datafield ind1="1" ind2="0" tag="245">
         <subfield code="a">As chimney sweepers come to dust :</subfield>
         <subfield code="b">a Flavia de Luce novel /</subfield>
         <subfield code="c">Alan Bradley.</subfield>
      </datafield>
      <datafield ind1=" " ind2=" " tag="250">
         <subfield code="a">First Edition.</subfield>
      </datafield>
      <datafield ind1=" " ind2="1" tag="264">
         <subfield code="a">New York :</subfield>
         <subfield code="b">Delacorte Press,</subfield>
         <subfield code="c">[2015]</subfield>
      </datafield>
      <datafield ind1=" " ind2="4" tag="264">
         <subfield code="c">©2015</subfield>
      </datafield>
      <datafield ind1=" " ind2=" " tag="300">
         <subfield code="a">392 pages ;</subfield>
         <subfield code="c">20 cm.</subfield>
      </datafield>
      <datafield ind1=" " ind2=" " tag="336">
         <subfield code="a">text</subfield>
         <subfield code="2">rdacontent</subfield>
         <subfield code="0">http://id.loc.gov/vocabulary/contentTypes/txt</subfield>
      </datafield>
      <datafield ind1=" " ind2=" " tag="337">
         <subfield code="a">unmediated</subfield>
         <subfield code="2">rdamedia</subfield>
         <subfield code="0">http://id.loc.gov/vocabulary/mediaTypes/n</subfield>
      </datafield>
      <datafield ind1=" " ind2=" " tag="338">
         <subfield code="a">volume</subfield>
         <subfield code="2">rdacarrier</subfield>
         <subfield code="0">http://id.loc.gov/vocabulary/carriers/nc</subfield>
      </datafield>
      <datafield ind1="1" ind2=" " tag="490">
         <subfield code="a">A Flavia de Luce novel ;</subfield>
         <subfield code="v">[7]</subfield>
      </datafield>
      <datafield ind1=" " ind2=" " tag="520">
         <subfield code="a">"Youthful chemist and aspiring detective Flavia de Luce once again brings her knowledge of poisons and her indefatigable spirit to solve dastardly crimes -- but this time, she leaves behind her beloved English countryside, and takes her sleuthing prowess to the unexpectedly unsavory world of Canadian boarding schools!"--</subfield>
         <subfield code="c">Provided by publisher.</subfield>
      </datafield>
      <datafield ind1=" " ind2=" " tag="596">
         <subfield code="a">31</subfield>
      </datafield>
      <datafield ind1=" " ind2="0" tag="650">
         <subfield code="a">De Luce, Flavia (Fictitious character)</subfield>
         <subfield code="v">Fiction.</subfield>
      </datafield>
      <datafield ind1=" " ind2="0" tag="650">
         <subfield code="a">Boarding schools</subfield>
         <subfield code="z">Canada</subfield>
         <subfield code="v">Fiction.</subfield>
      </datafield>
      <datafield ind1=" " ind2=" " tag="758">
         <subfield code="0">http://worldcat.org/entity/work/id/2778026531</subfield>
      </datafield>
      <datafield ind1="0" ind2=" " tag="787">
         <subfield code="n">OCLC Work Id</subfield>
         <subfield code="o">http://worldcat.org/entity/work/id/2778026531</subfield>
      </datafield>
      <datafield ind1="1" ind2=" " tag="800">
         <subfield code="a">Bradley, C. Alan,</subfield>
         <subfield code="d">1938-</subfield>
         <subfield code="t">Flavia de Luce mystery ;</subfield>
         <subfield code="v">7.</subfield>
      </datafield>
      <datafield ind1=" " ind2=" " tag="949">
         <subfield code="i">31979000578425</subfield>
         <subfield code="h">SKING-RF-B</subfield>
         <subfield code="l">ON_SHELF</subfield>
      </datafield>
      <datafield ind1=" " ind2=" " tag="926">
         <subfield code="a">PS 8603 R3315 C54 2015</subfield>
         <subfield code="w">LC</subfield>
         <subfield code="c">1</subfield>
         <subfield code="i">31979000578425</subfield>
         <subfield code="d">3/20/2017</subfield>
         <subfield code="e">3/16/2017</subfield>
         <subfield code="l">ON_SHELF</subfield>
         <subfield code="m">KINGS</subfield>
         <subfield code="n">2</subfield>
         <subfield code="r">Y</subfield>
         <subfield code="s">Y</subfield>
         <subfield code="t">BOOK</subfield>
         <subfield code="u">2/24/2015</subfield>
      </datafield>
   </record>
</collection>
